<record><leader>00000cas a22000007a 4500</leader><controlfield tag="001">27705594</controlfield><controlfield tag="008">930310c19919999moudr ne      0    0eng d</controlfield><datafield ind1=" " ind2=" " tag="010"><subfield code="a">sn 93060170 </subfield></datafield><datafield ind1=" " ind2=" " tag="040"><subfield code="a">MQN</subfield><subfield code="b">eng</subfield><subfield code="c">MQN</subfield><subfield code="d">OCLCQ</subfield></datafield><datafield ind1=" " ind2=" " tag="042"><subfield code="a">msc</subfield></datafield><datafield ind1="0" ind2=" " tag="130"><subfield code="a">Daily guide (Waynesville, Mo. : 1991)</subfield></datafield><datafield ind1="1" ind2="4" tag="245"><subfield code="a">The Daily guide.</subfield></datafield><datafield ind1=" " ind2=" " tag="260"><subfield code="a">Waynesville, Mo. :</subfield><subfield code="b">APC Missouri Holdings</subfield></datafield><datafield ind1=" " ind2=" " tag="300"><subfield code="a">v.</subfield></datafield><datafield ind1=" " ind2=" " tag="310"><subfield code="a">Daily (except Sun.)</subfield></datafield><datafield ind1="0" ind2=" " tag="362"><subfield code="a">Vol. 30, no. 180 (Aug. 2, 1991)-</subfield></datafield><datafield ind1=" " ind2="4" tag="651"><subfield code="a">Pulaski County (Mo.)</subfield><subfield code="v">Newspapers.</subfield></datafield><datafield ind1=" " ind2="4" tag="651"><subfield code="a">Waynesville (Mo.)</subfield><subfield code="v">Newspapers.</subfield></datafield><datafield ind1=" " ind2=" " tag="752"><subfield code="a">United States</subfield><subfield code="b">Missouri</subfield><subfield code="c">Pulaski</subfield><subfield code="d">Waynesville.</subfield></datafield></record>